<?xml version="1.0" encoding="UTF-8"?><record xmlns="http://www.loc.gov/MARC21/slim" xmlns:cinclude="http://apache.org/cocoon/include/1.0" xmlns:zs="http://www.loc.gov/zing/srw/">
  <leader>00322nz  a2200121n  4500</leader>
  <controlfield tag="001">n  91118843 </controlfield>
  <controlfield tag="003">DLC</controlfield>
  <controlfield tag="005">19911121135936.1</controlfield>
  <controlfield tag="008">911121n| acannaab|          |n ana |||  </controlfield>
  <datafield tag="010" ind1=" " ind2=" ">
    <subfield code="a">n  91118843 </subfield>
  </datafield>
  <datafield tag="040" ind1=" " ind2=" ">
    <subfield code="a">DLC</subfield>
    <subfield code="c">DLC</subfield>
  </datafield>
  <datafield tag="110" ind1="2" ind2="0">
    <subfield code="a">O-Positive (Musical group)</subfield>
  </datafield>
  <datafield tag="670" ind1=" " ind2=" ">
    <subfield code="a">Its Toyboat ToyBoAt TOYBOAT [SR] p1990:</subfield>
    <subfield code="b">label (O-Positive)</subfield>
  </datafield>
</record>